<?xml version="1.0" encoding="UTF-8"?><collection xmlns="http://www.loc.gov/MARC21/slim"><record><leader>00453nam--2200145-i-4500</leader><controlfield tag="001">000029323</controlfield><controlfield tag="002">20161230</controlfield><controlfield tag="005">20170127173414</controlfield><controlfield tag="008">060222s1000------------r-----000-0-eng-d</controlfield><datafield ind1=" " ind2=" " tag="100"><subfield code="a">Larsen, Tage</subfield></datafield><datafield ind1=" " ind2=" " tag="245"><subfield code="a">Zur kenntnis der refraktion und dispersion von edelgasen und edelgasahnlichen hydriden und deutriden</subfield></datafield><datafield ind1=" " ind2=" " tag="260"><subfield code="a">Lund</subfield><subfield code="b">Hakan Ohlssons Buchdruck</subfield><subfield code="c">1939</subfield></datafield><datafield ind1=" " ind2=" " tag="300"><subfield code="a">106 p., 25 Fig. + 1 Fotograma</subfield></datafield><datafield ind1=" " ind2=" " tag="852"><subfield code="a">5797</subfield></datafield><datafield ind1=" " ind2=" " tag="CAT"><subfield code="a">SYS</subfield><subfield code="c">20170127</subfield><subfield code="h">173414</subfield></datafield></record></collection>